<collection xmlns:xsi="http://www.w3.org/2001/XMLSchema-instance" xmlns="http://www.loc.gov/MARC21/slim" xsi:schemaLocation="http://www.loc.gov/MARC21/slim http://www.loc.gov/standards/marcxml/schema/MARC21slim.xsd">

<record>
  <leader>09227ckdaa2200817 a 4500</leader>
  <controlfield tag="001">3462433</controlfield>
  <controlfield tag="005">20100226103447.0</controlfield>
  <controlfield tag="008">890607s1912    xx ||| |||||||   1k|eng d</controlfield>
  <datafield tag="035" ind1=" " ind2=" ">
    <subfield code="a">(OCoLC)81229041</subfield>
  </datafield>
  <datafield tag="035" ind1=" " ind2=" ">
    <subfield code="a">(OCoLC)ocm81229041</subfield>
  </datafield>
  <datafield tag="035" ind1=" " ind2=" ">
    <subfield code="a">(CStRLIN)NYDA89-F684</subfield>
  </datafield>
  <datafield tag="035" ind1=" " ind2=" ">
    <subfield code="9">AAA2904AD</subfield>
  </datafield>
  <datafield tag="035" ind1=" " ind2=" ">
    <subfield code="a">(NNC)3462433</subfield>
  </datafield>
  <datafield tag="040" ind1=" " ind2=" ">
    <subfield code="a">NNC</subfield>
    <subfield code="c">NNC</subfield>
    <subfield code="e">gihc</subfield>
  </datafield>
  <datafield tag="043" ind1=" " ind2=" ">
    <subfield code="a">n-us-ca</subfield>
  </datafield>
  <datafield tag="110" ind1="2" ind2=" ">
    <subfield code="a">Greene &amp; Greene.</subfield>
  </datafield>
  <datafield tag="240" ind1="1" ind2="0">
    <subfield code="a">Hotel Vista del Arroyo (Pasadena, Calif.).</subfield>
    <subfield code="p">East annex.</subfield>
    <subfield code="p">Alterations</subfield>
  </datafield>
  <datafield tag="245" ind1="1" ind2="0">
    <subfield code="a">Alterations, east annex, Hotel Vista del Arroyo, Pasadena, California.</subfield>
    <subfield code="h">[graphic] :</subfield>
    <subfield code="b">[working drawings] /</subfield>
    <subfield code="c">Greene &amp; Greene, Architects.</subfield>
  </datafield>
  <datafield tag="260" ind1=" " ind2=" ">
    <subfield code="c">1912</subfield>
  </datafield>
  <datafield tag="300" ind1=" " ind2=" ">
    <subfield code="a">29 sheets :</subfield>
    <subfield code="b">various media ;</subfield>
    <subfield code="c">69.5 x 84.1 cm. (27 3/8 x 33 1/8 in.) or smaller.</subfield>
  </datafield>
  <datafield tag="500" ind1=" " ind2=" ">
    <subfield code="a">Scale varies.</subfield>
  </datafield>
  <datafield tag="500" ind1=" " ind2=" ">
    <subfield code="a">Bracketed title elements supplied by cataloger or taken from inventory.</subfield>
  </datafield>
  <datafield tag="500" ind1=" " ind2=" ">
    <subfield code="a">Forms part of the Greene &amp; Greene collection of architectural drawings ; job no. 302.</subfield>
  </datafield>
  <datafield tag="500" ind1=" " ind2=" ">
    <subfield code="a">This set consists of 12 pencil drawings on tracing paper, 6 blueprints on paper, 6 blueprints with crayon markings on paper, 4 pencil and ink drawings on tracing paper, and 1 pencil drawing on paper.</subfield>
  </datafield>
  <datafield tag="561" ind1=" " ind2=" ">
    <subfield code="a">Gift of Jean Murray Bangs (Mrs. Harwell Hamilton Harris), 1960; formerly the collection of Charles Sumner Greene.</subfield>
  </datafield>
  <datafield tag="650" ind1=" " ind2="7">
    <subfield code="a">Hotels.</subfield>
    <subfield code="2">aat</subfield>
  </datafield>
  <datafield tag="650" ind1=" " ind2="7">
    <subfield code="a">Annexes.</subfield>
    <subfield code="2">aat</subfield>
  </datafield>
  <datafield tag="650" ind1=" " ind2="7">
    <subfield code="a">Alterations.</subfield>
    <subfield code="2">aat</subfield>
  </datafield>
  <datafield tag="655" ind1=" " ind2="7">
    <subfield code="a">Detail drawings.</subfield>
    <subfield code="2">aat</subfield>
  </datafield>
  <datafield tag="655" ind1=" " ind2="7">
    <subfield code="a">Sketches.</subfield>
    <subfield code="2">aat</subfield>
  </datafield>
  <datafield tag="655" ind1=" " ind2="7">
    <subfield code="a">Architectural drawings</subfield>
    <subfield code="x">American.</subfield>
    <subfield code="2">aat</subfield>
  </datafield>
  <datafield tag="655" ind1=" " ind2="7">
    <subfield code="a">Orthographic drawings.</subfield>
    <subfield code="2">aat</subfield>
  </datafield>
  <datafield tag="691" ind1=" " ind2="0">
    <subfield code="a">Pasadena (Calif.)</subfield>
  </datafield>
  <datafield tag="650" ind1=" " ind2="0">
    <subfield code="a">Architecture</subfield>
    <subfield code="z">United States</subfield>
    <subfield code="v">Designs and plans.</subfield>
  </datafield>
  <datafield tag="697" ind1="2" ind2="4">
    <subfield code="a">Hotel Vista del Arroyo (Pasadena, Calif.).</subfield>
    <subfield code="b">East annex.</subfield>
  </datafield>
  <datafield tag="700" ind1="1" ind2=" ">
    <subfield code="a">Greene, Charles Sumner,</subfield>
    <subfield code="d">1868-1957.</subfield>
  </datafield>
  <datafield tag="700" ind1="1" ind2=" ">
    <subfield code="a">Greene, Henry Mather,</subfield>
    <subfield code="d">1870-1954.</subfield>
  </datafield>
  <datafield tag="755" ind1=" " ind2=" ">
    <subfield code="a">Pencil drawings.</subfield>
    <subfield code="2">aat</subfield>
  </datafield>
  <datafield tag="755" ind1=" " ind2=" ">
    <subfield code="a">Blueprints.</subfield>
    <subfield code="2">aat</subfield>
  </datafield>
  <datafield tag="755" ind1=" " ind2=" ">
    <subfield code="a">Ink drawings.</subfield>
    <subfield code="2">aat</subfield>
  </datafield>
  <datafield tag="799" ind1="4" ind2="3">
    <subfield code="a">The Greene &amp; Greene collection of architectural drawings.</subfield>
  </datafield>
  <datafield tag="789" ind1="0" ind2=" ">
    <subfield code="1">[1]</subfield>
    <subfield code="i">NYDA.1960.001.01729.</subfield>
    <subfield code="v">[AVERYimage].</subfield>
    <subfield code="t">First floor plan :</subfield>
    <subfield code="n">Sheet no. 1.</subfield>
    <subfield code="o">"Note -- double doors to all sun rooms are 6'-6" high. See detail. Other new single doors are to be same height as old doors and windows of old work. All doors in sun rooms &amp; sliding closet doors to be new except where otherwise noted".</subfield>
    <subfield code="o">"Note -- present light outlet and switches to be removed are marked "out". Present light outlets and switches to remain in are marked "in". All new outlets and switches are marked "new".</subfield>
    <subfield code="o">"Note -- new work is hatched in. Where no dimensions are given the work is to line up with old walls, etc. Dashed lines (except furniture) indicate old partitions, doors, windows, etc., to be removed. All exterior dimensions given are from faces of finish. All interior dimensions are taken from face of plaster".</subfield>
    <subfield code="o">"9 sheets".</subfield>
  </datafield>
  <datafield tag="789" ind1="0" ind2=" ">
    <subfield code="1">[2]</subfield>
    <subfield code="i">NYDA.1960.001.01730.</subfield>
    <subfield code="v">[AVERYimage].</subfield>
    <subfield code="t">First floor plan :</subfield>
    <subfield code="n">Sheet no. 1.</subfield>
  </datafield>
  <datafield tag="789" ind1="0" ind2=" ">
    <subfield code="1">[3]</subfield>
    <subfield code="i">NYDA.1960.001.01731.</subfield>
    <subfield code="v">[AVERYimage].</subfield>
    <subfield code="t">Second floor plan :</subfield>
    <subfield code="n">2.</subfield>
    <subfield code="o">"Note -- double doors to all sun rooms are 6'-6" high. See detail. Other new single doors are to be same height as old doors and windows of old work. All doors in sun rooms are new. All closet sliding doors are new. All doors not otherwise marked are old'.</subfield>
    <subfield code="o">"Note -- present light outlets and switches to be removed are marked "out". Present light outlets and switches to remain are marked "in". All new outlets and switches are marked "new".</subfield>
    <subfield code="o">"Note -- new work is hatched in. Where no dimensions are given the work is to line up with old walls, etc. Dashed lines (except furniture) indicate old partitions, doors, windows, etc. to be removed. All exterior dimensions are taken from faces of finish. All interior dimensions are taken from face of plaster".</subfield>
    <subfield code="o">"9 sheets".</subfield>
  </datafield>
  <datafield tag="789" ind1="0" ind2=" ">
    <subfield code="1">[4]</subfield>
    <subfield code="i">NYDA.1960.001.01732.</subfield>
    <subfield code="v">[AVERYimage].</subfield>
    <subfield code="t">Second floor plan :</subfield>
    <subfield code="n">2.</subfield>
  </datafield>
  <datafield tag="789" ind1="0" ind2=" ">
    <subfield code="1">[5]</subfield>
    <subfield code="i">NYDA.1960.001.01733.</subfield>
    <subfield code="v">[AVERYimage].</subfield>
    <subfield code="t">Second floor plan :</subfield>
    <subfield code="n">1[?].</subfield>
    <subfield code="o">Piece of drawing is attached by tape.</subfield>
    <subfield code="o">Drawing contains many largely illegible notes in script.</subfield>
  </datafield>
  <datafield tag="789" ind1="0" ind2=" ">
    <subfield code="1">[6]</subfield>
    <subfield code="i">NYDA.1960.001.01734.</subfield>
    <subfield code="v">[AVERYimage].</subfield>
    <subfield code="t">Correction sheet -- revised plan [bed]room no. 3, added attic plan ;</subfield>
    <subfield code="n">1A,</subfield>
    <subfield code="d">10/25/1912.</subfield>
    <subfield code="o">"9 sheets".</subfield>
  </datafield>
  <datafield tag="789" ind1="0" ind2=" ">
    <subfield code="1">[7]</subfield>
    <subfield code="i">NYDA.1960.001.01735.</subfield>
    <subfield code="v">[AVERYimage].</subfield>
    <subfield code="t">Correction sheet -- revised plan [bed]room no. 3, added attic plan :</subfield>
    <subfield code="n">1A,</subfield>
    <subfield code="d">10/25/1912.</subfield>
    <subfield code="o">"Added attic plan" is marked "void, see corrected sheet 12".</subfield>
  </datafield>
  <datafield tag="789" ind1="0" ind2=" ">
    <subfield code="1">[8]</subfield>
    <subfield code="i">NYDA.1960.001.01736.</subfield>
    <subfield code="v">[AVERYimage].</subfield>
    <subfield code="t">Foundation plan, 3/4" scale section of concrete footings (for pier's footing 6" larger all around than pier) :</subfield>
    <subfield code="n">3.</subfield>
    <subfield code="o">"Note -- new work hatched in. Where no dimensions are given the work is to line up with old walls, etc".</subfield>
    <subfield code="o">"9 sheets".</subfield>
  </datafield>
  <datafield tag="789" ind1="0" ind2=" ">
    <subfield code="1">[9]</subfield>
    <subfield code="i">NYDA.1960.001.01737.</subfield>
    <subfield code="v">[AVERYimage].</subfield>
    <subfield code="t">Foundation plan, 3/4" scale section of concrete footings (for pier's footing 6" larger all around than pier) :</subfield>
    <subfield code="n">3.</subfield>
  </datafield>
  <datafield tag="789" ind1="0" ind2=" ">
    <subfield code="1">[10]</subfield>
    <subfield code="i">NYDA.1960.001.01738.</subfield>
    <subfield code="v">[AVERYimage].</subfield>
    <subfield code="t">Roof &amp; third floor plan :</subfield>
    <subfield code="n">4.</subfield>
    <subfield code="o">"Note -- new work hatched in. New room [and] toilet &amp; sink room built new. 2 x 3 studs, 16" O.C., plaster both in rooms &amp; in attic. New floor, new finish, old doors from 2nd story can be used".</subfield>
    <subfield code="o">"Note -- all roofs to have pitch of 1/2" to the foot. Cornices level all around, bottom of gutters furred up making fall in all gutters to leader outlets".</subfield>
  </datafield>
  <datafield tag="789" ind1="0" ind2=" ">
    <subfield code="1">[11]</subfield>
    <subfield code="i">NYDA.1960.001.01739.</subfield>
    <subfield code="v">[AVERYimage].</subfield>
    <subfield code="t">Roof &amp; third floor plan :</subfield>
    <subfield code="n">4.</subfield>
  </datafield>
  <datafield tag="789" ind1="0" ind2=" ">
    <subfield code="1">[12]</subfield>
    <subfield code="i">NYDA.1960.001.01740.</subfield>
    <subfield code="v">[AVERYimage].</subfield>
    <subfield code="t">[Partial plan showing] final arrangement of third floor rooms.</subfield>
  </datafield>
  <datafield tag="789" ind1="0" ind2=" ">
    <subfield code="1">[13]</subfield>
    <subfield code="i">NYDA.1960.001.01741.</subfield>
    <subfield code="v">[AVERYimage].</subfield>
    <subfield code="t">West elevation ; sun rm. window details -- mullion, corner :</subfield>
    <subfield code="n">5.</subfield>
    <subfield code="o">"9 sheets".</subfield>
  </datafield>
  <datafield tag="789" ind1="0" ind2=" ">
    <subfield code="1">[14]</subfield>
    <subfield code="i">NYDA.1960.001.01742.</subfield>
    <subfield code="v">[AVERYimage].</subfield>
    <subfield code="t">West elevation ; sun rm. window details -- mullion, corner :</subfield>
    <subfield code="n">5.</subfield>
  </datafield>
  <datafield tag="789" ind1="0" ind2=" ">
    <subfield code="1">[15]</subfield>
    <subfield code="i">NYDA.1960.001.01743.</subfield>
    <subfield code="v">[AVERYimage].</subfield>
    <subfield code="t">South elevation :</subfield>
    <subfield code="n">6.</subfield>
    <subfield code="o">"9 sheets".</subfield>
  </datafield>
  <datafield tag="789" ind1="0" ind2=" ">
    <subfield code="1">[16]</subfield>
    <subfield code="i">NYDA.1960.001.01744.</subfield>
    <subfield code="v">[AVERYimage].</subfield>
    <subfield code="t">South elevation :</subfield>
    <subfield code="n">6.</subfield>
  </datafield>
  <datafield tag="789" ind1="0" ind2=" ">
    <subfield code="1">[17]</subfield>
    <subfield code="i">NYDA.1960.001.01745.</subfield>
    <subfield code="v">[AVERYimage].</subfield>
    <subfield code="t">East elevation :</subfield>
    <subfield code="n">7.</subfield>
    <subfield code="o">"9 sheets".</subfield>
  </datafield>
  <datafield tag="789" ind1="0" ind2=" ">
    <subfield code="1">[18]</subfield>
    <subfield code="i">NYDA.1960.001.01746.</subfield>
    <subfield code="v">[AVERYimage].</subfield>
    <subfield code="t">East elevation :</subfield>
    <subfield code="n">7.</subfield>
  </datafield>
  <datafield tag="789" ind1="0" ind2=" ">
    <subfield code="1">[19]</subfield>
    <subfield code="i">NYDA.1960.001.01747.</subfield>
    <subfield code="v">[AVERYimage].</subfield>
    <subfield code="t">North elevation :</subfield>
    <subfield code="n">8.</subfield>
    <subfield code="o">"9 sheets".</subfield>
  </datafield>
  <datafield tag="789" ind1="0" ind2=" ">
    <subfield code="1">[20]</subfield>
    <subfield code="i">NYDA.1960.001.01748.</subfield>
    <subfield code="v">[AVERYimage].</subfield>
    <subfield code="t">North elevation :</subfield>
    <subfield code="n">8.</subfield>
  </datafield>
  <datafield tag="789" ind1="0" ind2=" ">
    <subfield code="1">[21]</subfield>
    <subfield code="i">NYDA.1960.001.01749.</subfield>
    <subfield code="v">[AVERYimage].</subfield>
    <subfield code="t">3" &amp; 1/2" scale &amp; f[ull] s[ize] details -- fence on south of annex [in elevation and] section ; section [through sun room] ; F.S. details new finish in annex &amp; bungalow -- P.M. in bungalow, side casings. base [of moulding] ; 1 1/2" detail [of] cornice ; elevation [of] openings between bedrooms &amp; sun rooms (some omit side 1ts., see plans for other arrangements) ; section [through] clos[et] no. 2, section [through] clos[et] no. 1, elevation [of closet] showing style old finish ; section thro' closet diirs ; casement w[indow] sill ; F.S. sash door section :</subfield>
    <subfield code="n">9.</subfield>
    <subfield code="o">"Note -- all new openings in old finish to be finished to match old finish. Old casings can be taken off perfect. See building for detail of old work".</subfield>
  </datafield>
  <datafield tag="789" ind1="0" ind2=" ">
    <subfield code="1">[22]</subfield>
    <subfield code="i">NYDA.1960.001.01750.</subfield>
    <subfield code="v">[AVERYimage].</subfield>
    <subfield code="t">3" &amp; 1/2" scale &amp; f[ull] s[ize] details -- fence on south of annex [in elevation and] section ; section [through sun room] ; F.S. details new finish in annex &amp; bungalow -- P.M. in bungalow, side casings, base [of moulding] ; 1 1/2" detail [of] cornice ; elevation [of] openings between bedrooms &amp; sun rooms (some omit side 1ts., see plan for other arrangements) ; section [through] clos[et] no. 2, section [through] clos[et] no. 1, elevation [of closet] showing style old finish ; section thro' closet doors ; casement w[indow] sill ; F.S. sash door section ;</subfield>
    <subfield code="n">9.</subfield>
  </datafield>
  <datafield tag="789" ind1="0" ind2=" ">
    <subfield code="1">[23]</subfield>
    <subfield code="i">NYDA.1960.001.01751.</subfield>
    <subfield code="v">[AVERYimage].</subfield>
    <subfield code="t">Correction sheet -- [exterior elevations of sun rooms, plan of] sun r'm no 7 :</subfield>
    <subfield code="n">10,</subfield>
    <subfield code="d">11/1/12.</subfield>
  </datafield>
  <datafield tag="789" ind1="0" ind2=" ">
    <subfield code="1">[24]</subfield>
    <subfield code="i">NYDA.1960.001.01752.</subfield>
    <subfield code="v">[AVERYimage].</subfield>
    <subfield code="t">Correction sheet -- [exterior elevations of sun rooms, plan of] sun r'm no. 7 :</subfield>
    <subfield code="n">10,</subfield>
    <subfield code="d">11/1/12.</subfield>
  </datafield>
  <datafield tag="789" ind1="0" ind2=" ">
    <subfield code="1">[25]</subfield>
    <subfield code="i">NYDA.1960.001.01753.</subfield>
    <subfield code="v">[AVERYimage].</subfield>
    <subfield code="t">1 1/2" scale details of brackets supporting rear balcony -- front view, side view :</subfield>
    <subfield code="n">11,</subfield>
    <subfield code="d">11-5-12.</subfield>
    <subfield code="o">"Wood to be redwood (painted)".</subfield>
  </datafield>
  <datafield tag="789" ind1="0" ind2=" ">
    <subfield code="1">[26]</subfield>
    <subfield code="i">NYDA.1960.001.01754.</subfield>
    <subfield code="v">[AVERYimage].</subfield>
    <subfield code="t">1 1/2" scale details of rear balcony -- view from rear, view from side :</subfield>
    <subfield code="n">11,</subfield>
    <subfield code="d">11-5-12.</subfield>
    <subfield code="o">"Wood to be clear O.P. (to paint). All corners and arrises on brackets to be rounded off".</subfield>
  </datafield>
  <datafield tag="789" ind1="0" ind2=" ">
    <subfield code="1">[27]</subfield>
    <subfield code="i">NYDA.1960.001.01755.</subfield>
    <subfield code="v">[AVERYimage].</subfield>
    <subfield code="t">[Plan showing] rearrangement of third floor rooms ; 1 1/2" scale sections through sliding sash partitions :</subfield>
    <subfield code="n">12,</subfield>
    <subfield code="d">11-8-12.</subfield>
    <subfield code="o">"Compare same with original, sheet no. 4".</subfield>
    <subfield code="o">"Note -- contractor must observe all notes shown on original third floor plan, sheet no. 4".</subfield>
  </datafield>
  <datafield tag="789" ind1="0" ind2=" ">
    <subfield code="1">[28]</subfield>
    <subfield code="i">NYDA.1960.001.01756.</subfield>
    <subfield code="v">[AVERYimage].</subfield>
    <subfield code="t">[Plan showing] rearrangement of third floor rooms ; 1 1/2" scale sections through sliding sash partitions :</subfield>
    <subfield code="n">12,</subfield>
    <subfield code="d">11-8-12.</subfield>
    <subfield code="o">"Compare same with original third floor plan, sheet no. 4".</subfield>
  </datafield>
  <datafield tag="789" ind1="0" ind2=" ">
    <subfield code="1">[29]</subfield>
    <subfield code="i">NYDA.1960.001.01757.</subfield>
    <subfield code="v">[AVERYimage].</subfield>
    <subfield code="t">[Unidentified rough sketches].</subfield>
    <subfield code="o">Sketches done on end paper for roll of drawings.</subfield>
    <subfield code="o">On verso -- "Set no. 1, office copy".</subfield>
  </datafield>
  <datafield tag="900" ind1=" " ind2=" ">
    <subfield code="a">AUTH</subfield>
  </datafield>
</record>

</collection>